<record><leader>00000cas a22000007a 4500</leader><controlfield tag="001">22216377</controlfield><controlfield tag="008">900814d18981900mouwr ne      0    0eng d</controlfield><datafield ind1=" " ind2=" " tag="010"><subfield code="a">sn 90073045 </subfield></datafield><datafield ind1=" " ind2=" " tag="040"><subfield code="a">MQN</subfield><subfield code="b">eng</subfield><subfield code="c">MQN</subfield><subfield code="d">OCLCQ</subfield></datafield><datafield ind1=" " ind2=" " tag="042"><subfield code="a">msc</subfield></datafield><datafield ind1="0" ind2=" " tag="130"><subfield code="a">South Missourian (Norwood, Mo.)</subfield></datafield><datafield ind1="1" ind2="4" tag="245"><subfield code="a">The South Missourian.</subfield></datafield><datafield ind1=" " ind2=" " tag="260"><subfield code="a">Norwood, Wright County, Mo. :</subfield><subfield code="b">L.W. Smith</subfield></datafield><datafield ind1=" " ind2=" " tag="300"><subfield code="a">v.</subfield></datafield><datafield ind1=" " ind2=" " tag="310"><subfield code="a">Weekly</subfield></datafield><datafield ind1="1" ind2=" " tag="362"><subfield code="a">Began in 1898? Ceased in 1900?</subfield></datafield><datafield ind1=" " ind2=" " tag="588"><subfield code="a">Description based on: Vol. 3, no. 1 (July 19, 1900).</subfield></datafield><datafield ind1=" " ind2=" " tag="752"><subfield code="a">V.tates</subfield><subfield code="b">Missouri</subfield><subfield code="c">Wright</subfield><subfield code="d">Norwood.</subfield></datafield></record>